% This file was created with JabRef 2.5.
% Encoding: UTF-8

@ARTICLE{Survey,
  author = {Bristow, D.A. and Tharayil, M. and Alleyne, A.G.},
  title = {A survey of iterative learning control},
  journal = {Control Systems, IEEE},
  year = {2006},
  volume = {26},
  pages = { 96 - 114},
  number = {3},
  month = {june},
  doi = {10.1109/MCS.2006.1636313},
  issn = {1066-033X},
  keywords = { design techniques; feedback control; feedforward control; iterative
	learning control; learning algorithms; learning transient behavior;
	robotics; stability; adaptive control; control system analysis; control
	system synthesis; feedback; feedforward; iterative methods; learning
	systems; robust control;}
}

@ARTICLE{Brochu,
  author = {Eric Brochu and Vlad M. Cora and Nando de Freitas},
  title = {A Tutorial on Bayesian Optimization of Expensive Cost Functions,
	with Application to Active User Modeling and Hierarchical Reinforcement
	Learning},
  journal = {CoRR},
  year = {2010},
  volume = {abs/1012.2599},
  bibsource = {DBLP, http://dblp.uni-trier.de},
  ee = {http://arxiv.org/abs/1012.2599}
}

@ARTICLE{Jones:1993,
  author = {Jones, D. R. and Perttunen, C. D. and Stuckman, B. E.},
  title = {Lipschitzian optimization without the Lipschitz constant},
  journal = {J. Optim. Theory Appl.},
  year = {1993},
  volume = {79},
  pages = {157--181},
  number = {1},
  month = oct,
  acmid = {173678},
  address = {New York, NY, USA},
  doi = {10.1007/BF00941892},
  issn = {0022-3239},
  issue_date = {Oct. 1993},
  numpages = {25},
  publisher = {Plenum Press},
  url = {http://dx.doi.org/10.1007/BF00941892}
}

@INPROCEEDINGS{Blimp,
  author = {Ko, J. and Klein, D.J. and Fox, D. and Haehnel, D.},
  title = {Gaussian Processes and Reinforcement Learning for Identification
	and Control of an Autonomous Blimp},
  booktitle = {Robotics and Automation, 2007 IEEE International Conference on},
  year = {2007},
  pages = {742 -747},
  month = {april},
  doi = {10.1109/ROBOT.2007.363075},
  issn = {1050-4729},
  keywords = {Gaussian process;Newtonian principles;aerial robotics;aerial vehicles;autonomous
	blimp control;blimp dynamics;nonlinear dynamics;ordinary differential
	equation;reinforcement learning;system identification;uncertainty
	estimation;Gaussian processes;aerospace robotics;differential equations;identification;learning
	(artificial intelligence);mobile robots;nonlinear control systems;robot
	dynamics;}
}

@INPROCEEDINGS{Krause2,
  author = {Andreas Krause and Cheng Soon Ong},
  title = {Contextual Gaussian Process Bandit Optimization},
  booktitle = {NIPS'11},
  year = {2011},
  pages = {2447-2455}
}

@INPROCEEDINGS{Rasmussen2,
  author = {Carl Edward Rasmussen and Malte Kuss},
  title = {Gaussian Processes in Reinforcement Learning},
  booktitle = {Advances in Neural Information Processing Systems 16},
  year = {2004},
  pages = {751--759},
  publisher = {MIT Press}
}

@MISC{GPML,
  author = {Carl Edward Rasmussen and Hannes Nickisch},
  howpublished = {http://www.gaussianprocess.org/gpml/code/matlab/doc/index.html},
  owner = {okankoc},
  timestamp = {2012.12.18},
  url = {http://www.gaussianprocess.org/gpml/code/matlab/doc/index.html}
}

@BOOK{GPbook,
  title = {Gaussian Processes for Machine Learning},
  publisher = {MIT Press},
  year = {2006},
  author = {Carl~Edward~Rasmussen and Christopher~K.~I.~Williams},
  owner = {okankoc},
  timestamp = {2012.09.28}
}

@ARTICLE{ILC_Angela,
  author = {Schoellig, AngelaP. and Mueller, FabianL. and D’Andrea, Raffaello},
  title = {Optimization-based iterative learning for precise quadrocopter trajectory
	tracking},
  journal = {Autonomous Robots},
  year = {2012},
  volume = {33},
  pages = {103-127},
  doi = {10.1007/s10514-012-9283-2},
  issn = {0929-5593},
  issue = {1-2},
  keywords = {Motion planning and control; Aerial robotics; Quadrocopter control;
	Trajectory tracking; Learning; Input and state constraints; Kalman
	filtering; Convex optimization},
  language = {English},
  publisher = {Springer US},
  url = {http://dx.doi.org/10.1007/s10514-012-9283-2}
}

@ARTICLE{Krause1,
  author = {Niranjan Srinivas and Andreas Krause and Sham M. Kakade and Matthias
	Seeger},
  title = {Gaussian Process Bandits without Regret: An Experimental Design Approach},
  journal = {CoRR},
  year = {2009},
  volume = {abs/0912.3995},
  bibsource = {DBLP, http://dblp.uni-trier.de},
  ee = {http://arxiv.org/abs/0912.3995}
}

@BOOK{sutton98a,
  title = {Reinforcement Learning: An Introduction},
  publisher = {{MIT} Press},
  year = {1998},
  author = {Richard S. Sutton and Andrew G. Barto},
  abstract = {This introductory textbook on reinforcement learning is targeted toward
	engineers and scientists in artificial intelligence, operations research,
	neural networks, and control systems, and we hope it will also be
	of interest to psychologists and neuroscientists.},
  cluster = {425881569340442325},
  googleid = {1Ubs6AcJ6QUJ:scholar.google.com/},
  isbn = {0262193981},
  keywords = {ai reinforcement learning},
  url = {http://www.cs.ualberta.ca/\%7Esutton/book/ebook/the-book.html}
}

@ARTICLE{RoboEarth,
  author = {Waibel, M. and Beetz, M. and Civera, J. and D'Andrea, R. and Elfring,
	J. and Galvez-Lopez, D. and Haussermann, K. and Janssen, R. and Montiel,
	J.M.M. and Perzylo, A. and Schiessle, B. and Tenorth, M. and Zweigle,
	O. and van de Molengraft, R.},
  title = {{RoboEarth}},
  journal = {Robotics \& Automation Magazine, IEEE},
  year = {2011},
  volume = {18},
  pages = {69--82},
  number = {2},
  abstract = {Humans can use the Internet to share knowledge and to help each other
	accomplish complex tasks. Until now, robots have not taken advantage
	of this opportunity. Sharing knowledge between robots requires methods
	to effectively encode, exchange, and reuse data. In this article,
	we present the design and first implementation of a system for sharing
	knowledge between robots.},
  doi = {10.1109/MRA.2011.941632},
  issn = {1070-9932},
  keywords = {Distributed databases, Information exchange, Knowledge transfer, Robot
	kinematics, Robot sensing systems, Semantics, Service robots}
}

@INPROCEEDINGS{Zhang,
  author = {Chaojie Zhang and Nan Wang and Jing Chen},
  title = {Trajectory generation for aircraft based on differential flatness
	and spline theory},
  booktitle = {Information Networking and Automation (ICINA), 2010 International
	Conference on},
  year = {2010},
  volume = {1},
  pages = {V1-110 -V1-114},
  month = {oct.},
  doi = {10.1109/ICINA.2010.5636425},
  keywords = {Bezier curve;aircraft dynamics system;aircraft trajectory generation;differential
	flatness;dynamic constraint;global asymptotically stable solution;nonholonomic
	constraint;nonlinear mechanical system;nonlinear programming;problem
	solving;spline curve;aircraft control;asymptotic stability;curve
	fitting;nonlinear control systems;nonlinear programming;position
	control;problem solving;splines (mathematics);}
}

@INPROCEEDINGS{Deisenroth11pilco,
    author = {Marc Peter Deisenroth and Carl Edward Rasmussen},
    title = {PILCO: A Model-Based and Data-Efficient Approach to Policy Search},
    booktitle = {In Proceedings of the International Conference on Machine Learning},
    year = {2011}
}

@inproceedings{DeisenrothRF11,
  author    = {Marc Peter Deisenroth and
               Carl Edward Rasmussen and
               Dieter Fox},
  title     = {Learning to Control a Low-Cost Manipulator using Data-Efficient
               Reinforcement Learning},
  booktitle = {Robotics: Science and Systems},
  year      = {2011},
  ee        = {http://www.roboticsproceedings.org/rss07/p08.html},
}

@ARTICLE{Jones01ataxonomy,
    author = {Donald R. Jones},
    title = {A Taxonomy of Global Optimization Methods Based on Response Surfaces},
    journal = {Journal of Global Optimization},
    year = {2001},
    volume = {21},
    pages = {345--383}
}

@INPROCEEDINGS{Lizotte07automaticgait,
    author = {Daniel Lizotte and Tao Wang and Michael Bowling and Dale Schuurmans},
    title = {Automatic gait optimization with gaussian process regression},
    booktitle = {in Proc. of IJCAI},
    year = {2007},
    pages = {944--949}
}

@MISC{Murray97nonlinearcontrol,
    author = {Richard M. Murray},
    title = {Nonlinear Control of Mechanical Systems: A Lagrangian Perspective},
    year = {1997}
}

@ARTICLE{Fliess95,
    author = {Michel Fliess and Jean L{\'e}vine and Pierre Rouchon},
    title = {Flatness and defect of nonlinear systems: Introductory theory and examples},
    journal = {International Journal of Control},
    year = {1995},
    volume = {61},
    pages = {1327--1361}
}

@MISC{Rathinam97,
    author = {Muruhan Rathinam},
    title = {Differentially Flat Nonlinear Control Systems},
    year = {1997}
}

@article {Ginsbourger,
	author = {Ginsbourger, David and Helbert, Céline and Carraro, Laurent},
	title = {Discrete mixtures of kernels for Kriging-based optimization},
	journal = {Quality and Reliability Engineering International},
	volume = {24},
	number = {6},
	publisher = {John Wiley & Sons, Ltd.},
	issn = {1099-1638},
	url = {http://dx.doi.org/10.1002/qre.945},
	doi = {10.1002/qre.945},
	pages = {681--691},
	keywords = {Gaussian processes, global optimization, kernel selection, mixtures of experts},
	year = {2008},
}

@book{SlotineLi,
    author = {Slotine, Jean-Jacques and Li, Weiping},
    day = {01},
    howpublished = {Paperback},
    isbn = {0130408905},
    keywords = {control-engineering, nonlinear-control, teaching},
    month = oct,
    posted-at = {2007-12-20 13:28:43},
    priority = {2},
    publisher = {Prentice Hall},
    title = {{Applied Nonlinear Control}},
    url = {http://www.worldcat.org/isbn/0130408905},
    year = {1991}
}

@article {Ginsbourger,
	author = {Ginsbourger, David and Helbert, Céline and Carraro, Laurent},
	title = {Discrete mixtures of kernels for Kriging-based optimization},
	journal = {Quality and Reliability Engineering International},
	volume = {24},
	number = {6},
	publisher = {John Wiley & Sons, Ltd.},
	issn = {1099-1638},
	url = {http://dx.doi.org/10.1002/qre.945},
	doi = {10.1002/qre.945},
	pages = {681--691},
	keywords = {Gaussian processes, global optimization, kernel selection, mixtures of experts},
	year = {2008},
}