
@BOOK{Tao12,
  author = {Tao, Terence},
  title = {Topics in Random Matrix Theory},
  publisher = {AMS},
  year = {2012}
}
